@ONLINE{
    AsynchronousIO,
    title = {{Asynchronous I/O}},
    titleaddon = {{[online], updated 09/06/2011, Wikipedia}},
    url = {http://en.wikipedia.org/wiki/Asynchronous_I/O},
    urldate = {2011-11-18},
}

@ONLINE{
    ParallelComputing,
    title = {{Parallel computing}},
    titleaddon = {{[online], updated 11/03/2011, Wikipedia}},
    url = {http://en.wikipedia.org/wiki/Parallel_computing},
    urldate = {2011-11-18},
}

@ONLINE{
    Threads,
    title = {{Thread (computer science)}},
    titleaddon = {{[online], updated 11/16/2011, Wikipedia}},
    url = {http://en.wikipedia.org/wiki/Thread_(computer_science)},
    urldate = {2011-11-18},
}

@REPORT{
    StateOfTheInternet,
    author = {{Collective authorship}},
    institution = {Akamai},
    title = {{The State of the Internet 2nd quarter 2011}},
    titleaddon = {{[online]}},
    url = {http://www.akamai.com/dl/whitepapers/akamai_soti_q211.pdf},
    urldate = {2011-11-18},
    pubstate = {Accessible after registration}
}